% Encoding: UTF-8

@article{Heger2017,
author = {Heger, Christoph and Hoorn, Andr{\'{e}} Van and Mann, Mario and Okanovi, Du{\v{s}}an},
file = {:home/paul/Fachstudie/HegerVanHoornOkanovicMann2017APMTutorial-publisher.pdf:pdf},
isbn = {9781450344043},
pages = {1--4},
title = {{Application Performance Management : State of the Art and Challenges for the Future}},
year = {2017}
}

@Comment{jabref-meta: databaseType:bibtex;}
